@book{neukirch,
author= {\textsc{Neukirch},J.},
title={Algebraic {N}umber {T}heory},
year={1999},
publisher={Springer}
}

@book{clserre,
   author ={\textsc{Serre},J.P.},
   title =  {Local Fields},
   publisher = {Springer},
   year =      {2013}
}
